%YAML 1.1
%TAG !u! tag:unity3d.com,2011:
--- !u!29 &1
SceneSettings:
  m_ObjectHideFlags: 0
  m_PVSData: 
  m_PVSObjectsArray: []
  m_PVSPortalsArray: []
  m_OcclusionBakeSettings:
    smallestOccluder: 5
    smallestHole: .25
    backfaceThreshold: 100
--- !u!104 &2
RenderSettings:
  m_ObjectHideFlags: 0
  serializedVersion: 6
  m_Fog: 0
  m_FogColor: {r: .5, g: .5, b: .5, a: 1}
  m_FogMode: 3
  m_FogDensity: .00999999978
  m_LinearFogStart: 0
  m_LinearFogEnd: 300
  m_AmbientSkyColor: {r: .211999997, g: .226999998, b: .259000003, a: 1}
  m_AmbientEquatorColor: {r: .114, g: .125, b: .133000001, a: 1}
  m_AmbientGroundColor: {r: .0469999984, g: .0430000015, b: .0350000001, a: 1}
  m_AmbientIntensity: 1
  m_AmbientMode: 0
  m_SkyboxMaterial: {fileID: 10304, guid: 0000000000000000f000000000000000, type: 0}
  m_HaloStrength: .5
  m_FlareStrength: 1
  m_FlareFadeSpeed: 3
  m_HaloTexture: {fileID: 0}
  m_SpotCookie: {fileID: 10001, guid: 0000000000000000e000000000000000, type: 0}
  m_DefaultReflectionMode: 0
  m_DefaultReflectionResolution: 128
  m_ReflectionBounces: 1
  m_ReflectionIntensity: 1
  m_CustomReflection: {fileID: 0}
  m_Sun: {fileID: 0}
--- !u!127 &3
LevelGameManager:
  m_ObjectHideFlags: 0
--- !u!157 &4
LightmapSettings:
  m_ObjectHideFlags: 0
  serializedVersion: 5
  m_GIWorkflowMode: 0
  m_LightmapsMode: 1
  m_GISettings:
    serializedVersion: 2
    m_BounceScale: 1
    m_IndirectOutputScale: 1
    m_AlbedoBoost: 1
    m_TemporalCoherenceThreshold: 1
    m_EnvironmentLightingMode: 0
    m_EnableBakedLightmaps: 1
    m_EnableRealtimeLightmaps: 1
  m_LightmapEditorSettings:
    serializedVersion: 3
    m_Resolution: 2
    m_BakeResolution: 40
    m_TextureWidth: 1024
    m_TextureHeight: 1024
    m_AOMaxDistance: 1
    m_Padding: 2
    m_CompAOExponent: 0
    m_LightmapParameters: {fileID: 0}
    m_TextureCompression: 1
    m_FinalGather: 0
    m_FinalGatherRayCount: 1024
  m_LightmapSnapshot: {fileID: 0}
  m_RuntimeCPUUsage: 25
--- !u!196 &5
NavMeshSettings:
  serializedVersion: 2
  m_ObjectHideFlags: 0
  m_BuildSettings:
    serializedVersion: 2
    agentRadius: .5
    agentHeight: 2
    agentSlope: 45
    agentClimb: .400000006
    ledgeDropHeight: 0
    maxJumpAcrossDistance: 0
    accuratePlacement: 0
    minRegionArea: 2
    cellSize: .166666672
    manualCellSize: 0
  m_NavMeshData: {fileID: 0}
--- !u!1 &294862039
GameObject:
  m_ObjectHideFlags: 0
  m_PrefabParentObject: {fileID: 0}
  m_PrefabInternal: {fileID: 0}
  serializedVersion: 4
  m_Component:
  - 4: {fileID: 294862043}
  - 23: {fileID: 294862042}
  - 33: {fileID: 294862041}
  - 114: {fileID: 294862040}
  m_Layer: 0
  m_Name: BG
  m_TagString: Untagged
  m_Icon: {fileID: 0}
  m_NavMeshLayer: 0
  m_StaticEditorFlags: 0
  m_IsActive: 1
--- !u!114 &294862040
MonoBehaviour:
  m_ObjectHideFlags: 0
  m_PrefabParentObject: {fileID: 0}
  m_PrefabInternal: {fileID: 0}
  m_GameObject: {fileID: 294862039}
  m_Enabled: 1
  m_EditorHideFlags: 0
  m_Script: {fileID: 11500000, guid: 3fac570381f34f647b768dc5a5aa1364, type: 3}
  m_Name: 
  m_EditorClassIdentifier: 
  collection: {fileID: 11460112, guid: 954945442dc7440278439785f081405c, type: 2}
  _color: {r: 1, g: 1, b: 1, a: 1}
  _scale: {x: 1, y: 1, z: 1}
  _spriteId: 6
  boxCollider2D: {fileID: 0}
  polygonCollider2D: []
  edgeCollider2D: []
  boxCollider: {fileID: 0}
  meshCollider: {fileID: 0}
  meshColliderPositions: []
  meshColliderMesh: {fileID: 0}
  renderLayer: 0
--- !u!33 &294862041
MeshFilter:
  m_ObjectHideFlags: 0
  m_PrefabParentObject: {fileID: 0}
  m_PrefabInternal: {fileID: 0}
  m_GameObject: {fileID: 294862039}
  m_Mesh: {fileID: 0}
--- !u!23 &294862042
MeshRenderer:
  m_ObjectHideFlags: 0
  m_PrefabParentObject: {fileID: 0}
  m_PrefabInternal: {fileID: 0}
  m_GameObject: {fileID: 294862039}
  m_Enabled: 1
  m_CastShadows: 1
  m_ReceiveShadows: 1
  m_Materials:
  - {fileID: 2100000, guid: 0ffef797f09614e77a080b352033fb8a, type: 2}
  m_SubsetIndices: 
  m_StaticBatchRoot: {fileID: 0}
  m_UseLightProbes: 1
  m_ReflectionProbeUsage: 1
  m_ProbeAnchor: {fileID: 0}
  m_ScaleInLightmap: 1
  m_PreserveUVs: 0
  m_ImportantGI: 0
  m_AutoUVMaxDistance: .5
  m_AutoUVMaxAngle: 89
  m_LightmapParameters: {fileID: 0}
  m_SortingLayerID: 0
  m_SortingOrder: 0
--- !u!4 &294862043
Transform:
  m_ObjectHideFlags: 0
  m_PrefabParentObject: {fileID: 0}
  m_PrefabInternal: {fileID: 0}
  m_GameObject: {fileID: 294862039}
  m_LocalRotation: {x: 0, y: 0, z: 0, w: 1}
  m_LocalPosition: {x: 0, y: -83.7766571, z: 1}
  m_LocalScale: {x: 1, y: 1, z: 1}
  m_Children: []
  m_Father: {fileID: 0}
  m_RootOrder: 3
--- !u!1 &348840004
GameObject:
  m_ObjectHideFlags: 0
  m_PrefabParentObject: {fileID: 0}
  m_PrefabInternal: {fileID: 0}
  serializedVersion: 4
  m_Component:
  - 4: {fileID: 348840010}
  - 20: {fileID: 348840009}
  - 114: {fileID: 348840008}
  - 124: {fileID: 348840007}
  - 92: {fileID: 348840006}
  - 81: {fileID: 348840005}
  m_Layer: 0
  m_Name: tk2dCamera
  m_TagString: MainCamera
  m_Icon: {fileID: 0}
  m_NavMeshLayer: 0
  m_StaticEditorFlags: 0
  m_IsActive: 1
--- !u!81 &348840005
AudioListener:
  m_ObjectHideFlags: 0
  m_PrefabParentObject: {fileID: 0}
  m_PrefabInternal: {fileID: 0}
  m_GameObject: {fileID: 348840004}
  m_Enabled: 1
--- !u!92 &348840006
Behaviour:
  m_ObjectHideFlags: 0
  m_PrefabParentObject: {fileID: 0}
  m_PrefabInternal: {fileID: 0}
  m_GameObject: {fileID: 348840004}
  m_Enabled: 1
--- !u!124 &348840007
Behaviour:
  m_ObjectHideFlags: 0
  m_PrefabParentObject: {fileID: 0}
  m_PrefabInternal: {fileID: 0}
  m_GameObject: {fileID: 348840004}
  m_Enabled: 1
--- !u!114 &348840008
MonoBehaviour:
  m_ObjectHideFlags: 0
  m_PrefabParentObject: {fileID: 0}
  m_PrefabInternal: {fileID: 0}
  m_GameObject: {fileID: 348840004}
  m_Enabled: 1
  m_EditorHideFlags: 0
  m_Script: {fileID: 11500000, guid: d60c017246963b14c9806a06670568b5, type: 3}
  m_Name: 
  m_EditorClassIdentifier: 
  version: 1
  cameraSettings:
    projection: 0
    orthographicSize: 10
    orthographicPixelsPerMeter: 1
    orthographicOrigin: 1
    orthographicType: 0
    transparencySortMode: 0
    fieldOfView: 60
    rect:
      serializedVersion: 2
      x: 0
      y: 0
      width: 1
      height: 1
  resolutionOverride:
  - name: Override
    matchBy: 2
    width: 0
    height: 0
    aspectRatioNumerator: 4
    aspectRatioDenominator: 3
    scale: 1
    offsetPixels: {x: 0, y: 0}
    autoScaleMode: 3
    fitMode: 1
  inheritSettings: {fileID: 0}
  nativeResolutionWidth: 640
  nativeResolutionHeight: 1136
  _unityCamera: {fileID: 348840009}
  viewportClippingEnabled: 0
  viewportRegion: {x: 0, y: 0, z: 100, w: 100}
  zoomFactor: 1
  forceResolutionInEditor: 1
  forceResolution: {x: 640, y: 1136}
--- !u!20 &348840009
Camera:
  m_ObjectHideFlags: 3
  m_PrefabParentObject: {fileID: 0}
  m_PrefabInternal: {fileID: 0}
  m_GameObject: {fileID: 348840004}
  m_Enabled: 1
  serializedVersion: 2
  m_ClearFlags: 1
  m_BackGroundColor: {r: .132352948, g: .132352948, b: .132352948, a: .0196078438}
  m_NormalizedViewPortRect:
    serializedVersion: 2
    x: 0
    y: 0
    width: 1
    height: 1
  near clip plane: .300000012
  far clip plane: 1000
  field of view: 60
  orthographic: 1
  orthographic size: 480
  m_Depth: 0
  m_CullingMask:
    serializedVersion: 2
    m_Bits: 4294967295
  m_RenderingPath: -1
  m_TargetTexture: {fileID: 0}
  m_TargetDisplay: 0
  m_HDR: 0
  m_OcclusionCulling: 1
  m_StereoConvergence: 10
  m_StereoSeparation: .0219999999
--- !u!4 &348840010
Transform:
  m_ObjectHideFlags: 0
  m_PrefabParentObject: {fileID: 0}
  m_PrefabInternal: {fileID: 0}
  m_GameObject: {fileID: 348840004}
  m_LocalRotation: {x: 0, y: 0, z: 0, w: 1}
  m_LocalPosition: {x: 0, y: 0, z: -10}
  m_LocalScale: {x: 1, y: 1, z: 1}
  m_Children: []
  m_Father: {fileID: 0}
  m_RootOrder: 5
--- !u!1 &526636372
GameObject:
  m_ObjectHideFlags: 0
  m_PrefabParentObject: {fileID: 100002, guid: 1c7fbdd00920ad3489cb069e9891239f, type: 2}
  m_PrefabInternal: {fileID: 0}
  serializedVersion: 4
  m_Component:
  - 4: {fileID: 526636376}
  - 114: {fileID: 526636375}
  - 65: {fileID: 526636374}
  - 114: {fileID: 526636373}
  m_Layer: 0
  m_Name: ScoreBTC
  m_TagString: Untagged
  m_Icon: {fileID: 0}
  m_NavMeshLayer: 0
  m_StaticEditorFlags: 0
  m_IsActive: 1
--- !u!114 &526636373
MonoBehaviour:
  m_ObjectHideFlags: 0
  m_PrefabParentObject: {fileID: 11400008, guid: 1c7fbdd00920ad3489cb069e9891239f,
    type: 2}
  m_PrefabInternal: {fileID: 0}
  m_GameObject: {fileID: 526636372}
  m_Enabled: 1
  m_EditorHideFlags: 0
  m_Script: {fileID: 11500000, guid: 53832391ed852794ba17308fbfe61d42, type: 3}
  m_Name: 
  m_EditorClassIdentifier: 
  uiItem: {fileID: 526636375}
  downButtonSound: {fileID: 0}
  upButtonSound: {fileID: 0}
  clickButtonSound: {fileID: 8300000, guid: 7f80b75ea488256478fee2b058cc2657, type: 3}
  releaseButtonSound: {fileID: 0}
--- !u!65 &526636374
BoxCollider:
  m_ObjectHideFlags: 0
  m_PrefabParentObject: {fileID: 6500000, guid: 1c7fbdd00920ad3489cb069e9891239f,
    type: 2}
  m_PrefabInternal: {fileID: 0}
  m_GameObject: {fileID: 526636372}
  m_Material: {fileID: 0}
  m_IsTrigger: 1
  m_Enabled: 1
  serializedVersion: 2
  m_Size: {x: .589999974, y: .219999999, z: .0199999996}
  m_Center: {x: 0, y: .00999999978, z: .00999999978}
--- !u!114 &526636375
MonoBehaviour:
  m_ObjectHideFlags: 0
  m_PrefabParentObject: {fileID: 11400002, guid: 1c7fbdd00920ad3489cb069e9891239f,
    type: 2}
  m_PrefabInternal: {fileID: 0}
  m_GameObject: {fileID: 526636372}
  m_Enabled: 1
  m_EditorHideFlags: 0
  m_Script: {fileID: 11500000, guid: 3d932ed487efc2f4c8b824406c968e59, type: 3}
  m_Name: 
  m_EditorClassIdentifier: 
  sendMessageTarget: {fileID: 0}
  SendMessageOnDownMethodName: 
  SendMessageOnUpMethodName: 
  SendMessageOnClickMethodName: 
  SendMessageOnReleaseMethodName: 
  isChildOfAnotherUIItem: 0
  registerPressFromChildren: 0
  isHoverEnabled: 1
  editorExtraBounds: []
  editorIgnoreBounds: []
--- !u!4 &526636376
Transform:
  m_ObjectHideFlags: 0
  m_PrefabParentObject: {fileID: 400002, guid: 1c7fbdd00920ad3489cb069e9891239f, type: 2}
  m_PrefabInternal: {fileID: 0}
  m_GameObject: {fileID: 526636372}
  m_LocalRotation: {x: 0, y: 0, z: 0, w: 1}
  m_LocalPosition: {x: 215, y: -117, z: 0}
  m_LocalScale: {x: 1, y: 1, z: 1}
  m_Children:
  - {fileID: 979744796}
  m_Father: {fileID: 0}
  m_RootOrder: 1
--- !u!1 &582458409
GameObject:
  m_ObjectHideFlags: 0
  m_PrefabParentObject: {fileID: 100000, guid: 1c7fbdd00920ad3489cb069e9891239f, type: 2}
  m_PrefabInternal: {fileID: 0}
  serializedVersion: 4
  m_Component:
  - 4: {fileID: 582458410}
  - 33: {fileID: 582458414}
  - 23: {fileID: 582458413}
  - 114: {fileID: 582458412}
  - 114: {fileID: 582458411}
  m_Layer: 0
  m_Name: ButtonGraphic
  m_TagString: Untagged
  m_Icon: {fileID: 0}
  m_NavMeshLayer: 0
  m_StaticEditorFlags: 0
  m_IsActive: 1
--- !u!4 &582458410
Transform:
  m_ObjectHideFlags: 0
  m_PrefabParentObject: {fileID: 400000, guid: 1c7fbdd00920ad3489cb069e9891239f, type: 2}
  m_PrefabInternal: {fileID: 0}
  m_GameObject: {fileID: 582458409}
  m_LocalRotation: {x: 0, y: 0, z: 0, w: 1}
  m_LocalPosition: {x: 0, y: 0, z: 0}
  m_LocalScale: {x: 1, y: 1, z: 1}
  m_Children: []
  m_Father: {fileID: 935277469}
  m_RootOrder: 0
--- !u!114 &582458411
MonoBehaviour:
  m_ObjectHideFlags: 0
  m_PrefabParentObject: {fileID: 11400000, guid: 1c7fbdd00920ad3489cb069e9891239f,
    type: 2}
  m_PrefabInternal: {fileID: 0}
  m_GameObject: {fileID: 582458409}
  m_Enabled: 1
  m_EditorHideFlags: 0
  m_Script: {fileID: 11500000, guid: 098d0427ddca8e341a649d6fc12ca1ed, type: 3}
  m_Name: 
  m_EditorClassIdentifier: 
  uiItem: {fileID: 935277468}
  onDownScale: {x: .949999988, y: .949999988, z: .949999988}
  tweenDuration: .100000001
  canButtonBeHeldDown: 1
  useOnReleaseInsteadOfOnUp: 0
--- !u!114 &582458412
MonoBehaviour:
  m_ObjectHideFlags: 0
  m_PrefabParentObject: {fileID: 11400004, guid: 1c7fbdd00920ad3489cb069e9891239f,
    type: 2}
  m_PrefabInternal: {fileID: 0}
  m_GameObject: {fileID: 582458409}
  m_Enabled: 1
  m_EditorHideFlags: 0
  m_Script: {fileID: 11500000, guid: 14088a148d1a83e4780e3db13db5b6ca, type: 3}
  m_Name: 
  m_EditorClassIdentifier: 
  collection: {fileID: 11460112, guid: 954945442dc7440278439785f081405c, type: 2}
  _color: {r: 1, g: 1, b: 1, a: 1}
  _scale: {x: 1.20000005, y: 1.20000005, z: 1.20000005}
  _spriteId: 21
  boxCollider2D: {fileID: 0}
  polygonCollider2D: []
  edgeCollider2D: []
  boxCollider: {fileID: 0}
  meshCollider: {fileID: 0}
  meshColliderPositions: []
  meshColliderMesh: {fileID: 0}
  renderLayer: 0
  _dimensions: {x: 229, y: 98}
  _anchor: 4
  _borderOnly: 0
  legacyMode: 0
  borderTop: .200000003
  borderBottom: .200000003
  borderLeft: .199999988
  borderRight: .199999988
  _createBoxCollider: 0
--- !u!23 &582458413
MeshRenderer:
  m_ObjectHideFlags: 0
  m_PrefabParentObject: {fileID: 2300000, guid: 1c7fbdd00920ad3489cb069e9891239f,
    type: 2}
  m_PrefabInternal: {fileID: 0}
  m_GameObject: {fileID: 582458409}
  m_Enabled: 1
  m_CastShadows: 1
  m_ReceiveShadows: 1
  m_Materials:
  - {fileID: 2100000, guid: 0ffef797f09614e77a080b352033fb8a, type: 2}
  m_SubsetIndices: 
  m_StaticBatchRoot: {fileID: 0}
  m_UseLightProbes: 0
  m_ReflectionProbeUsage: 1
  m_ProbeAnchor: {fileID: 0}
  m_ScaleInLightmap: 1
  m_PreserveUVs: 0
  m_ImportantGI: 0
  m_AutoUVMaxDistance: .5
  m_AutoUVMaxAngle: 89
  m_LightmapParameters: {fileID: 0}
  m_SortingLayerID: 0
  m_SortingOrder: 0
--- !u!33 &582458414
MeshFilter:
  m_ObjectHideFlags: 0
  m_PrefabParentObject: {fileID: 3300000, guid: 1c7fbdd00920ad3489cb069e9891239f,
    type: 2}
  m_PrefabInternal: {fileID: 0}
  m_GameObject: {fileID: 582458409}
  m_Mesh: {fileID: 0}
--- !u!1 &599395310
GameObject:
  m_ObjectHideFlags: 0
  m_PrefabParentObject: {fileID: 0}
  m_PrefabInternal: {fileID: 0}
  serializedVersion: 4
  m_Component:
  - 4: {fileID: 599395314}
  - 23: {fileID: 599395313}
  - 33: {fileID: 599395312}
  - 114: {fileID: 599395311}
  m_Layer: 0
  m_Name: Title
  m_TagString: Untagged
  m_Icon: {fileID: 0}
  m_NavMeshLayer: 0
  m_StaticEditorFlags: 0
  m_IsActive: 1
--- !u!114 &599395311
MonoBehaviour:
  m_ObjectHideFlags: 0
  m_PrefabParentObject: {fileID: 0}
  m_PrefabInternal: {fileID: 0}
  m_GameObject: {fileID: 599395310}
  m_Enabled: 1
  m_EditorHideFlags: 0
  m_Script: {fileID: 11500000, guid: 3fac570381f34f647b768dc5a5aa1364, type: 3}
  m_Name: 
  m_EditorClassIdentifier: 
  collection: {fileID: 11460112, guid: 954945442dc7440278439785f081405c, type: 2}
  _color: {r: 1, g: 1, b: 1, a: 1}
  _scale: {x: 1, y: 1, z: 1}
  _spriteId: 43
  boxCollider2D: {fileID: 0}
  polygonCollider2D: []
  edgeCollider2D: []
  boxCollider: {fileID: 0}
  meshCollider: {fileID: 0}
  meshColliderPositions: []
  meshColliderMesh: {fileID: 0}
  renderLayer: 0
--- !u!33 &599395312
MeshFilter:
  m_ObjectHideFlags: 0
  m_PrefabParentObject: {fileID: 0}
  m_PrefabInternal: {fileID: 0}
  m_GameObject: {fileID: 599395310}
  m_Mesh: {fileID: 0}
--- !u!23 &599395313
MeshRenderer:
  m_ObjectHideFlags: 0
  m_PrefabParentObject: {fileID: 0}
  m_PrefabInternal: {fileID: 0}
  m_GameObject: {fileID: 599395310}
  m_Enabled: 1
  m_CastShadows: 1
  m_ReceiveShadows: 1
  m_Materials:
  - {fileID: 2100000, guid: 0ffef797f09614e77a080b352033fb8a, type: 2}
  m_SubsetIndices: 
  m_StaticBatchRoot: {fileID: 0}
  m_UseLightProbes: 1
  m_ReflectionProbeUsage: 1
  m_ProbeAnchor: {fileID: 0}
  m_ScaleInLightmap: 1
  m_PreserveUVs: 0
  m_ImportantGI: 0
  m_AutoUVMaxDistance: .5
  m_AutoUVMaxAngle: 89
  m_LightmapParameters: {fileID: 0}
  m_SortingLayerID: 0
  m_SortingOrder: 0
--- !u!4 &599395314
Transform:
  m_ObjectHideFlags: 0
  m_PrefabParentObject: {fileID: 0}
  m_PrefabInternal: {fileID: 0}
  m_GameObject: {fileID: 599395310}
  m_LocalRotation: {x: 0, y: 0, z: 0, w: 1}
  m_LocalPosition: {x: 18, y: 348, z: 0}
  m_LocalScale: {x: 1, y: 1, z: 1}
  m_Children: []
  m_Father: {fileID: 0}
  m_RootOrder: 4
--- !u!1 &667711646
GameObject:
  m_ObjectHideFlags: 0
  m_PrefabParentObject: {fileID: 100000, guid: 1c7fbdd00920ad3489cb069e9891239f, type: 2}
  m_PrefabInternal: {fileID: 0}
  serializedVersion: 4
  m_Component:
  - 4: {fileID: 667711651}
  - 33: {fileID: 667711650}
  - 23: {fileID: 667711649}
  - 114: {fileID: 667711648}
  - 114: {fileID: 667711647}
  m_Layer: 0
  m_Name: ButtonGraphic
  m_TagString: Untagged
  m_Icon: {fileID: 0}
  m_NavMeshLayer: 0
  m_StaticEditorFlags: 0
  m_IsActive: 1
--- !u!114 &667711647
MonoBehaviour:
  m_ObjectHideFlags: 0
  m_PrefabParentObject: {fileID: 11400000, guid: 1c7fbdd00920ad3489cb069e9891239f,
    type: 2}
  m_PrefabInternal: {fileID: 0}
  m_GameObject: {fileID: 667711646}
  m_Enabled: 1
  m_EditorHideFlags: 0
  m_Script: {fileID: 11500000, guid: 098d0427ddca8e341a649d6fc12ca1ed, type: 3}
  m_Name: 
  m_EditorClassIdentifier: 
  uiItem: {fileID: 1252111556}
  onDownScale: {x: .949999988, y: .949999988, z: .949999988}
  tweenDuration: .100000001
  canButtonBeHeldDown: 1
  useOnReleaseInsteadOfOnUp: 0
--- !u!114 &667711648
MonoBehaviour:
  m_ObjectHideFlags: 0
  m_PrefabParentObject: {fileID: 11400004, guid: 1c7fbdd00920ad3489cb069e9891239f,
    type: 2}
  m_PrefabInternal: {fileID: 0}
  m_GameObject: {fileID: 667711646}
  m_Enabled: 1
  m_EditorHideFlags: 0
  m_Script: {fileID: 11500000, guid: 14088a148d1a83e4780e3db13db5b6ca, type: 3}
  m_Name: 
  m_EditorClassIdentifier: 
  collection: {fileID: 11460112, guid: 954945442dc7440278439785f081405c, type: 2}
  _color: {r: 1, g: 1, b: 1, a: 1}
  _scale: {x: 1, y: 1, z: 1}
  _spriteId: 15
  boxCollider2D: {fileID: 0}
  polygonCollider2D: []
  edgeCollider2D: []
  boxCollider: {fileID: 0}
  meshCollider: {fileID: 0}
  meshColliderPositions: []
  meshColliderMesh: {fileID: 0}
  renderLayer: 0
  _dimensions: {x: 273, y: 76}
  _anchor: 4
  _borderOnly: 0
  legacyMode: 0
  borderTop: .200000003
  borderBottom: .200000003
  borderLeft: .199999988
  borderRight: .199999988
  _createBoxCollider: 0
--- !u!23 &667711649
MeshRenderer:
  m_ObjectHideFlags: 0
  m_PrefabParentObject: {fileID: 2300000, guid: 1c7fbdd00920ad3489cb069e9891239f,
    type: 2}
  m_PrefabInternal: {fileID: 0}
  m_GameObject: {fileID: 667711646}
  m_Enabled: 1
  m_CastShadows: 1
  m_ReceiveShadows: 1
  m_Materials:
  - {fileID: 2100000, guid: 0ffef797f09614e77a080b352033fb8a, type: 2}
  m_SubsetIndices: 
  m_StaticBatchRoot: {fileID: 0}
  m_UseLightProbes: 0
  m_ReflectionProbeUsage: 1
  m_ProbeAnchor: {fileID: 0}
  m_ScaleInLightmap: 1
  m_PreserveUVs: 0
  m_ImportantGI: 0
  m_AutoUVMaxDistance: .5
  m_AutoUVMaxAngle: 89
  m_LightmapParameters: {fileID: 0}
  m_SortingLayerID: 0
  m_SortingOrder: 0
--- !u!33 &667711650
MeshFilter:
  m_ObjectHideFlags: 0
  m_PrefabParentObject: {fileID: 3300000, guid: 1c7fbdd00920ad3489cb069e9891239f,
    type: 2}
  m_PrefabInternal: {fileID: 0}
  m_GameObject: {fileID: 667711646}
  m_Mesh: {fileID: 0}
--- !u!4 &667711651
Transform:
  m_ObjectHideFlags: 0
  m_PrefabParentObject: {fileID: 400000, guid: 1c7fbdd00920ad3489cb069e9891239f, type: 2}
  m_PrefabInternal: {fileID: 0}
  m_GameObject: {fileID: 667711646}
  m_LocalRotation: {x: 0, y: 0, z: 0, w: 1}
  m_LocalPosition: {x: 0, y: 0, z: 0}
  m_LocalScale: {x: 1, y: 1, z: 1}
  m_Children: []
  m_Father: {fileID: 1252111557}
  m_RootOrder: 0
--- !u!1 &856727596
GameObject:
  m_ObjectHideFlags: 0
  m_PrefabParentObject: {fileID: 0}
  m_PrefabInternal: {fileID: 0}
  serializedVersion: 4
  m_Component:
  - 4: {fileID: 856727598}
  - 114: {fileID: 856727597}
  m_Layer: 0
  m_Name: tk2dUIManager
  m_TagString: Untagged
  m_Icon: {fileID: 0}
  m_NavMeshLayer: 0
  m_StaticEditorFlags: 0
  m_IsActive: 1
--- !u!114 &856727597
MonoBehaviour:
  m_ObjectHideFlags: 0
  m_PrefabParentObject: {fileID: 0}
  m_PrefabInternal: {fileID: 0}
  m_GameObject: {fileID: 856727596}
  m_Enabled: 1
  m_EditorHideFlags: 0
  m_Script: {fileID: 11500000, guid: 71fd0c19c6c3ff84692e78186167fd2c, type: 3}
  m_Name: 
  m_EditorClassIdentifier: 
  uiCamera: {fileID: 0}
  raycastLayerMask:
    serializedVersion: 2
    m_Bits: 4294967295
  areHoverEventsTracked: 1
  useMultiTouch: 0
--- !u!4 &856727598
Transform:
  m_ObjectHideFlags: 0
  m_PrefabParentObject: {fileID: 0}
  m_PrefabInternal: {fileID: 0}
  m_GameObject: {fileID: 856727596}
  m_LocalRotation: {x: 0, y: 0, z: 0, w: 1}
  m_LocalPosition: {x: 0, y: 0, z: 0}
  m_LocalScale: {x: 1, y: 1, z: 1}
  m_Children: []
  m_Father: {fileID: 0}
  m_RootOrder: 6
--- !u!1 &935277465
GameObject:
  m_ObjectHideFlags: 0
  m_PrefabParentObject: {fileID: 100002, guid: 1c7fbdd00920ad3489cb069e9891239f, type: 2}
  m_PrefabInternal: {fileID: 0}
  serializedVersion: 4
  m_Component:
  - 4: {fileID: 935277469}
  - 114: {fileID: 935277468}
  - 65: {fileID: 935277467}
  - 114: {fileID: 935277466}
  m_Layer: 0
  m_Name: PlayBTC
  m_TagString: Untagged
  m_Icon: {fileID: 0}
  m_NavMeshLayer: 0
  m_StaticEditorFlags: 0
  m_IsActive: 1
--- !u!114 &935277466
MonoBehaviour:
  m_ObjectHideFlags: 0
  m_PrefabParentObject: {fileID: 11400008, guid: 1c7fbdd00920ad3489cb069e9891239f,
    type: 2}
  m_PrefabInternal: {fileID: 0}
  m_GameObject: {fileID: 935277465}
  m_Enabled: 1
  m_EditorHideFlags: 0
  m_Script: {fileID: 11500000, guid: 53832391ed852794ba17308fbfe61d42, type: 3}
  m_Name: 
  m_EditorClassIdentifier: 
  uiItem: {fileID: 935277468}
  downButtonSound: {fileID: 0}
  upButtonSound: {fileID: 0}
  clickButtonSound: {fileID: 8300000, guid: 7f80b75ea488256478fee2b058cc2657, type: 3}
  releaseButtonSound: {fileID: 0}
--- !u!65 &935277467
BoxCollider:
  m_ObjectHideFlags: 0
  m_PrefabParentObject: {fileID: 6500000, guid: 1c7fbdd00920ad3489cb069e9891239f,
    type: 2}
  m_PrefabInternal: {fileID: 0}
  m_GameObject: {fileID: 935277465}
  m_Material: {fileID: 0}
  m_IsTrigger: 1
  m_Enabled: 1
  serializedVersion: 2
  m_Size: {x: .589999974, y: .219999999, z: .0199999996}
  m_Center: {x: 0, y: .00999999978, z: .00999999978}
--- !u!114 &935277468
MonoBehaviour:
  m_ObjectHideFlags: 0
  m_PrefabParentObject: {fileID: 11400002, guid: 1c7fbdd00920ad3489cb069e9891239f,
    type: 2}
  m_PrefabInternal: {fileID: 0}
  m_GameObject: {fileID: 935277465}
  m_Enabled: 1
  m_EditorHideFlags: 0
  m_Script: {fileID: 11500000, guid: 3d932ed487efc2f4c8b824406c968e59, type: 3}
  m_Name: 
  m_EditorClassIdentifier: 
  sendMessageTarget: {fileID: 0}
  SendMessageOnDownMethodName: 
  SendMessageOnUpMethodName: 
  SendMessageOnClickMethodName: 
  SendMessageOnReleaseMethodName: 
  isChildOfAnotherUIItem: 0
  registerPressFromChildren: 0
  isHoverEnabled: 1
  editorExtraBounds: []
  editorIgnoreBounds: []
--- !u!4 &935277469
Transform:
  m_ObjectHideFlags: 0
  m_PrefabParentObject: {fileID: 400002, guid: 1c7fbdd00920ad3489cb069e9891239f, type: 2}
  m_PrefabInternal: {fileID: 0}
  m_GameObject: {fileID: 935277465}
  m_LocalRotation: {x: 0, y: 0, z: 0, w: 1}
  m_LocalPosition: {x: 152, y: -312, z: 0}
  m_LocalScale: {x: 1, y: 1, z: 1}
  m_Children:
  - {fileID: 582458410}
  m_Father: {fileID: 0}
  m_RootOrder: 0
--- !u!1 &979744795
GameObject:
  m_ObjectHideFlags: 0
  m_PrefabParentObject: {fileID: 100000, guid: 1c7fbdd00920ad3489cb069e9891239f, type: 2}
  m_PrefabInternal: {fileID: 0}
  serializedVersion: 4
  m_Component:
  - 4: {fileID: 979744796}
  - 33: {fileID: 979744800}
  - 23: {fileID: 979744799}
  - 114: {fileID: 979744798}
  - 114: {fileID: 979744797}
  m_Layer: 0
  m_Name: ButtonGraphic
  m_TagString: Untagged
  m_Icon: {fileID: 0}
  m_NavMeshLayer: 0
  m_StaticEditorFlags: 0
  m_IsActive: 1
--- !u!4 &979744796
Transform:
  m_ObjectHideFlags: 0
  m_PrefabParentObject: {fileID: 400000, guid: 1c7fbdd00920ad3489cb069e9891239f, type: 2}
  m_PrefabInternal: {fileID: 0}
  m_GameObject: {fileID: 979744795}
  m_LocalRotation: {x: 0, y: 0, z: 0, w: 1}
  m_LocalPosition: {x: 0, y: 0, z: 0}
  m_LocalScale: {x: 1, y: 1, z: 1}
  m_Children: []
  m_Father: {fileID: 526636376}
  m_RootOrder: 0
--- !u!114 &979744797
MonoBehaviour:
  m_ObjectHideFlags: 0
  m_PrefabParentObject: {fileID: 11400000, guid: 1c7fbdd00920ad3489cb069e9891239f,
    type: 2}
  m_PrefabInternal: {fileID: 0}
  m_GameObject: {fileID: 979744795}
  m_Enabled: 1
  m_EditorHideFlags: 0
  m_Script: {fileID: 11500000, guid: 098d0427ddca8e341a649d6fc12ca1ed, type: 3}
  m_Name: 
  m_EditorClassIdentifier: 
  uiItem: {fileID: 526636375}
  onDownScale: {x: .949999988, y: .949999988, z: .949999988}
  tweenDuration: .100000001
  canButtonBeHeldDown: 1
  useOnReleaseInsteadOfOnUp: 0
--- !u!114 &979744798
MonoBehaviour:
  m_ObjectHideFlags: 0
  m_PrefabParentObject: {fileID: 11400004, guid: 1c7fbdd00920ad3489cb069e9891239f,
    type: 2}
  m_PrefabInternal: {fileID: 0}
  m_GameObject: {fileID: 979744795}
  m_Enabled: 1
  m_EditorHideFlags: 0
  m_Script: {fileID: 11500000, guid: 14088a148d1a83e4780e3db13db5b6ca, type: 3}
  m_Name: 
  m_EditorClassIdentifier: 
  collection: {fileID: 11460112, guid: 954945442dc7440278439785f081405c, type: 2}
  _color: {r: 1, g: 1, b: 1, a: 1}
  _scale: {x: 1, y: 1, z: 1}
  _spriteId: 22
  boxCollider2D: {fileID: 0}
  polygonCollider2D: []
  edgeCollider2D: []
  boxCollider: {fileID: 0}
  meshCollider: {fileID: 0}
  meshColliderPositions: []
  meshColliderMesh: {fileID: 0}
  renderLayer: 0
  _dimensions: {x: 204, y: 106}
  _anchor: 4
  _borderOnly: 0
  legacyMode: 0
  borderTop: .200000003
  borderBottom: .200000003
  borderLeft: .200000003
  borderRight: .200000003
  _createBoxCollider: 0
--- !u!23 &979744799
MeshRenderer:
  m_ObjectHideFlags: 0
  m_PrefabParentObject: {fileID: 2300000, guid: 1c7fbdd00920ad3489cb069e9891239f,
    type: 2}
  m_PrefabInternal: {fileID: 0}
  m_GameObject: {fileID: 979744795}
  m_Enabled: 1
  m_CastShadows: 1
  m_ReceiveShadows: 1
  m_Materials:
  - {fileID: 2100000, guid: 0ffef797f09614e77a080b352033fb8a, type: 2}
  m_SubsetIndices: 
  m_StaticBatchRoot: {fileID: 0}
  m_UseLightProbes: 0
  m_ReflectionProbeUsage: 1
  m_ProbeAnchor: {fileID: 0}
  m_ScaleInLightmap: 1
  m_PreserveUVs: 0
  m_ImportantGI: 0
  m_AutoUVMaxDistance: .5
  m_AutoUVMaxAngle: 89
  m_LightmapParameters: {fileID: 0}
  m_SortingLayerID: 0
  m_SortingOrder: 0
--- !u!33 &979744800
MeshFilter:
  m_ObjectHideFlags: 0
  m_PrefabParentObject: {fileID: 3300000, guid: 1c7fbdd00920ad3489cb069e9891239f,
    type: 2}
  m_PrefabInternal: {fileID: 0}
  m_GameObject: {fileID: 979744795}
  m_Mesh: {fileID: 0}
--- !u!1 &1252111555
GameObject:
  m_ObjectHideFlags: 0
  m_PrefabParentObject: {fileID: 100002, guid: 1c7fbdd00920ad3489cb069e9891239f, type: 2}
  m_PrefabInternal: {fileID: 0}
  serializedVersion: 4
  m_Component:
  - 4: {fileID: 1252111557}
  - 114: {fileID: 1252111556}
  - 65: {fileID: 1252111559}
  - 114: {fileID: 1252111558}
  m_Layer: 0
  m_Name: BuyCoinsBTC
  m_TagString: Untagged
  m_Icon: {fileID: 0}
  m_NavMeshLayer: 0
  m_StaticEditorFlags: 0
  m_IsActive: 1
--- !u!114 &1252111556
MonoBehaviour:
  m_ObjectHideFlags: 0
  m_PrefabParentObject: {fileID: 11400002, guid: 1c7fbdd00920ad3489cb069e9891239f,
    type: 2}
  m_PrefabInternal: {fileID: 0}
  m_GameObject: {fileID: 1252111555}
  m_Enabled: 1
  m_EditorHideFlags: 0
  m_Script: {fileID: 11500000, guid: 3d932ed487efc2f4c8b824406c968e59, type: 3}
  m_Name: 
  m_EditorClassIdentifier: 
  sendMessageTarget: {fileID: 0}
  SendMessageOnDownMethodName: 
  SendMessageOnUpMethodName: 
  SendMessageOnClickMethodName: 
  SendMessageOnReleaseMethodName: 
  isChildOfAnotherUIItem: 0
  registerPressFromChildren: 0
  isHoverEnabled: 1
  editorExtraBounds: []
  editorIgnoreBounds: []
--- !u!4 &1252111557
Transform:
  m_ObjectHideFlags: 0
  m_PrefabParentObject: {fileID: 400002, guid: 1c7fbdd00920ad3489cb069e9891239f, type: 2}
  m_PrefabInternal: {fileID: 0}
  m_GameObject: {fileID: 1252111555}
  m_LocalRotation: {x: 0, y: 0, z: 0, w: 1}
  m_LocalPosition: {x: 55, y: 19, z: 0}
  m_LocalScale: {x: 1, y: 1, z: 1}
  m_Children:
  - {fileID: 667711651}
  m_Father: {fileID: 0}
  m_RootOrder: 2
--- !u!114 &1252111558
MonoBehaviour:
  m_ObjectHideFlags: 0
  m_PrefabParentObject: {fileID: 11400008, guid: 1c7fbdd00920ad3489cb069e9891239f,
    type: 2}
  m_PrefabInternal: {fileID: 0}
  m_GameObject: {fileID: 1252111555}
  m_Enabled: 1
  m_EditorHideFlags: 0
  m_Script: {fileID: 11500000, guid: 53832391ed852794ba17308fbfe61d42, type: 3}
  m_Name: 
  m_EditorClassIdentifier: 
  uiItem: {fileID: 1252111556}
  downButtonSound: {fileID: 0}
  upButtonSound: {fileID: 0}
  clickButtonSound: {fileID: 8300000, guid: 7f80b75ea488256478fee2b058cc2657, type: 3}
  releaseButtonSound: {fileID: 0}
--- !u!65 &1252111559
BoxCollider:
  m_ObjectHideFlags: 0
  m_PrefabParentObject: {fileID: 6500000, guid: 1c7fbdd00920ad3489cb069e9891239f,
    type: 2}
  m_PrefabInternal: {fileID: 0}
  m_GameObject: {fileID: 1252111555}
  m_Material: {fileID: 0}
  m_IsTrigger: 1
  m_Enabled: 1
  serializedVersion: 2
  m_Size: {x: .589999974, y: .219999999, z: .0199999996}
  m_Center: {x: 0, y: .00999999978, z: .00999999978}
